<?xml version="1.0" encoding="UTF-8"?><collection xmlns="http://www.loc.gov/MARC21/slim"><record><leader>00345nam--2200121-i-4500</leader><controlfield tag="001">000003701</controlfield><controlfield tag="002">20161230</controlfield><controlfield tag="005">20161230201025</controlfield><controlfield tag="008">060222s1000------------r-----000-0-eng-d</controlfield><datafield ind1=" " ind2=" " tag="100"><subfield code="a">Raedt, C.De</subfield></datafield><datafield ind1=" " ind2=" " tag="245"><subfield code="a">Thermodinamique des gaz de l air sec de la vapeur d eau. 2-me edition</subfield></datafield><datafield ind1=" " ind2=" " tag="260"><subfield code="a">Saint-etienne, Ed.G.Chevalier, 1946</subfield></datafield><datafield ind1=" " ind2=" " tag="490"><subfield code="a">182p.+ 4 Tabl</subfield></datafield></record></collection>